@inproceedings{castro1999practical,
  title={Practical Byzantine fault tolerance},
  author={Castro, Miguel and Liskov, Barbara and others},
  booktitle={OSDI},
  volume={99},
  pages={173--186},
  year={1999},
  url={https://citeseerx.ist.psu.edu/viewdoc/summary?doi=10.1.1.127.6130}
}

@inproceedings{kotla2007zyzzyva,
  title={Zyzzyva: speculative byzantine fault tolerance},
  author={Kotla, Ramakrishna and Alvisi, Lorenzo and Dahlin, Mike and Clement, Allen and Wong, Edmund},
  booktitle={ACM SIGOPS Operating Systems Review},
  volume={41},
  number={6},
  pages={45--58},
  year={2007},
  organization={ACM},
  url={https://www.cs.cornell.edu/lorenzo/papers/kotla07Zyzzyva.pdf}
}

@inproceedings{kogias2016enhancing,
  title={Enhancing bitcoin security and performance with strong consistency via collective signing},
  author={Kogias, Eleftherios Kokoris and Jovanovic, Philipp and Gailly, Nicolas and Khoffi, Ismail and Gasser, Linus and Ford, Bryan},
  booktitle={25th {USENIX} Security Symposium ({USENIX} Security 16)},
  pages={279--296},
  year={2016},
  url={https://www.usenix.org/system/files/conference/usenixsecurity16/sec16_paper_kokoris-kogias.pdf}
}

@article{buchman2018latest,
  title={The latest gossip on {BFT} consensus},
  author={Buchman, Ethan and Kwon, Jae and Milosevic, Zarko},
  journal={arXiv preprint arXiv:1807.04938},
  year={2018},
  url={https://arxiv.org/abs/1807.04938}
}

@inproceedings{gilad2017algorand,
  title={Algorand: Scaling byzantine agreements for cryptocurrencies},
  author={Gilad, Yossi and Hemo, Rotem and Micali, Silvio and Vlachos, Georgios and Zeldovich, Nickolai},
  booktitle={Proceedings of the 26th Symposium on Operating Systems Principles},
  pages={51--68},
  year={2017},
  organization={ACM},
  url={https://dl.acm.org/ft_gateway.cfm?id=3132757&type=pdf}
}

@article{kiayias2018ouroboros,
  title={Ouroboros-{BFT}: A Simple Byzantine Fault Tolerant Consensus Protocol},
  author={Kiayias, Aggelos and Russell, Alexander},
  year={2018},
  url={https://eprint.iacr.org/2018/1049.pdf}
}

@inproceedings{baumgart2007s,
  title={S/kademlia: A practicable approach towards secure key-based routing},
  author={Baumgart, Ingmar and Mies, Sebastian},
  booktitle={2007 International Conference on Parallel and Distributed Systems},
  pages={1--8},
  year={2007},
  organization={IEEE},
  url={https://citeseerx.ist.psu.edu/viewdoc/summary?doi=10.1.1.68.4986}
}

@inproceedings{boneh2001short,
  title={Short signatures from the Weil pairing},
  author={Boneh, Dan and Lynn, Ben and Shacham, Hovav},
  booktitle={International Conference on the Theory and Application of Cryptology and Information Security},
  pages={514--532},
  year={2001},
  organization={Springer},
  url={https://www.iacr.org/archive/asiacrypt2001/22480516.pdf}
}

@techreport{boneh2018batching,
  title={Batching Techniques for Accumulators with Applications to IOPs and Stateless Blockchains},
  author={Boneh, Dan and B{\"u}nz, Benedikt and Fisch, Benjamin},
  year={2018},
  institution={Cryptology ePrint Archive, Report 2018/1188},
  url={https://eprint.iacr.org/2018/1188.pdf}
}

@article{lamport1982byzantine,
  title={The Byzantine generals problem},
  author={Lamport, Leslie and Shostak, Robert and Pease, Marshall},
  journal={ACM Transactions on Programming Languages and Systems (TOPLAS)},
  volume={4},
  number={3},
  pages={382--401},
  year={1982},
  publisher={ACM},
  url={http://people.cs.uchicago.edu/~shanlu/teaching/33100_wi15/papers/byz.pdf}
}

@article{gilbert2002brewer,
  title={Brewer's conjecture and the feasibility of consistent, available, partition-tolerant web services},
  author={Gilbert, Seth and Lynch, Nancy},
  journal={Acm Sigact News},
  volume={33},
  number={2},
  pages={51--59},
  year={2002},
  publisher={ACM},
  url={https://courses.e-ce.uth.gr/CE623/CAP_theorem_proof.pdf}
}

@article{baigneres2015trap,
  title={Trap Me If You Can-Million Dollar Curve.},
  author={Baigneres, Thomas and Delerabl{\'e}e, C{\'e}cile and Finiasz, Matthieu and Goubin, Louis and Lepoint, Tancrede and Rivain, Matthieu},
  journal={IACR Cryptology ePrint Archive},
  volume={2015},
  pages={1249},
  year={2015},
  url={https://eprint.iacr.org/2015/1249.pdf}
}

@misc{gailly2019handel,
  title={Handel: Practical Multi-Signature Aggregation for Large Byzantine Committees},
  author={Gailly, Nicolas and Liochon, Nicolas and BÃ©gassat, Olivier and Kolad, Blazej},
  url={https://github.com/ConsenSys/handel},
  year={2019}
}

@inproceedings{brandt2005efficient,
  title={Efficient cryptographic protocol design based on distributed El Gamal encryption},
  author={Brandt, Felix},
  booktitle={International Conference on Information Security and Cryptology},
  pages={32--47},
  year={2005},
  organization={Springer},
  url={https://dss.in.tum.de/files/brandt-research/millionaire.pdf}
}

@inproceedings{bayer2012efficient,
  title={Efficient zero-knowledge argument for correctness of a shuffle},
  author={Bayer, Stephanie and Groth, Jens},
  booktitle={Annual International Conference on the Theory and Applications of Cryptographic Techniques},
  pages={263--280},
  year={2012},
  organization={Springer},
  url={https://link.springer.com/content/pdf/10.1007/978-3-642-29011-4_17.pdf}
}

@article{nakamoto2008bitcoin,
  title={Bitcoin: A peer-to-peer electronic cash system},
  author={Nakamoto, Satoshi and others},
  year={2008},
  publisher={Working Paper},
  url={https://bitcoin.org/bitcoin.pdf}
}

@article{buterin2014next,
  title={A next-generation smart contract and decentralized application platform},
  author={Buterin, Vitalik and others},
  journal={white paper},
  year={2014},
  url={https://cryptorating.eu/whitepapers/Ethereum/Ethereum_white_paper.pdf}
}

@article{wood2014ethereum,
  title={Ethereum: A secure decentralised generalised transaction ledger},
  author={Wood, Gavin},
  journal={Ethereum project yellow paper},
  volume={151},
  pages={1--32},
  year={2014},
  url={http://gavwood.com/paper.pdf}
}

@article{goodman2014tezos,
  title={Tezos: a self-amending crypto-ledger},
  author={Goodman, LM},
  journal={URL: https://www. tezos. com/static/papers/white\_paper. pdf},
  year={2014},
  url={https://everipedia-storage.s3.amazonaws.com/NewlinkFiles/16739988/8d4d1f1b-8/white_paper.pdf}
}

@article{wood2016polkadot,
  title={Polkadot: Vision for a heterogeneous multi-chain framework},
  author={Wood, Gavin},
  journal={White Paper},
  year={2016},
  url={https://polkadot.network/PolkaDotPaper.pdf}
}

@article{franca2019albatross,
  title={Albatross: An optimistic consensus algorithm},
  author={Fran\c{c}a, Bruno and Wissfeld, Marvin and Berrang, Pascal and von Styp-Rekowsky, Phillip and Trinkler, Reto},
  journal={White Paper},
  year={2019},
  url={https://katallassos.com/papers/Albatross.pdf}
}

@article{franca2019enso,
  title={Enso: A general-purpose virtual machine},
  author={Fran\c{c}a, Bruno},
  journal={White Paper},
  year={2019},
  url={https://katallassos.com/papers/Enso.pdf}
}

@article{bundi2018actus,
  title={ACTUS: The  algorithmic  representation  of  financial  contracts},
  author={Bundi, Nils},
  journal={White Paper},
  year={2018},
  url={https://docs.wixstatic.com/ugd/3df5e2_eceb16e5f7f14d11903a6412aebb9e4a.pdf}
}

@inproceedings{zhang2016town,
  title={Town crier: An authenticated data feed for smart contracts},
  author={Zhang, Fan and Cecchetti, Ethan and Croman, Kyle and Juels, Ari and Shi, Elaine},
  booktitle={Proceedings of the 2016 ACM SIGSAC Conference on Computer and Communications Security},
  pages={270--282},
  year={2016},
  organization={ACM},
  url={https://eprint.iacr.org/2016/168.pdf}
}

@article{ellis2017chainlink,
  title={ChainLink: A Decentralized Oracle Network},
  author={Ellis, Steve and Juels, Ari and Nazarov, Sergey},
  journal={White Paper},
  year={2017},
  url={https://link.smartcontract.com/whitepaper}
}
